[gd_resource type="Resource" script_class="JokeCollection" load_steps=11 format=3 uid="uid://b0f0ae45cf8wb"]

[ext_resource type="Resource" uid="uid://dlty6xb3t1257" path="res://jokes/joke_1_f.tres" id="1_f2vmt"]
[ext_resource type="Script" path="res://joke_collection.gd" id="1_xkj0t"]
[ext_resource type="Resource" uid="uid://cpgrgqkgxvwkx" path="res://jokes/joke_3_f.tres" id="2_6xoyt"]
[ext_resource type="Resource" uid="uid://033lqin32eke" path="res://jokes/joke_4_f.tres" id="3_gqbms"]
[ext_resource type="Resource" uid="uid://cukxvynuvdlog" path="res://jokes/joke_5_f.tres" id="4_x7ccb"]
[ext_resource type="Resource" uid="uid://dknbak8n6gys2" path="res://jokes/joke_6_f.tres" id="5_7x0lf"]
[ext_resource type="Resource" uid="uid://bgsypmpxgcutk" path="res://jokes/joke_7_f.tres" id="6_5flca"]
[ext_resource type="Resource" uid="uid://7jwuemgk7w6c" path="res://jokes/joke_8_f.tres" id="7_80ixu"]
[ext_resource type="Resource" uid="uid://2pkbqjilp7g2" path="res://jokes/joke_9_f.tres" id="8_xfgi8"]
[ext_resource type="Resource" uid="uid://b8qq1e2cr4un2" path="res://jokes/joke_10_f.tres" id="9_pylgh"]

[resource]
script = ExtResource("1_xkj0t")
jokes = Array[Resource("res://joke_resource.gd")]([ExtResource("1_f2vmt"), ExtResource("2_6xoyt"), ExtResource("3_gqbms"), ExtResource("4_x7ccb"), ExtResource("5_7x0lf"), ExtResource("6_5flca"), ExtResource("7_80ixu"), ExtResource("8_xfgi8"), ExtResource("9_pylgh")])
